<record xmlns="http://www.loc.gov/MARC21/slim" xmlns:xsi="http://www.w3.org/2001/XMLSchema-instance" xsi:schemaLocation="http://www.loc.gov/MARC21/slim http://www.loc.gov/standards/marcxml/schema/MARC21slim.xsd"><leader>01866nam a2200325   4500</leader><controlfield tag="001">001685773</controlfield><controlfield tag="003">NNU</controlfield><controlfield tag="006">m        d        </controlfield><controlfield tag="007">cr cn |||m|||a</controlfield><controlfield tag="008">140707s1913    ua      ob    000 0 ara d</controlfield><datafield ind1=" " ind2=" " tag="040"><subfield code="a">NNU</subfield><subfield code="b">eng</subfield><subfield code="c">NNU</subfield></datafield><datafield ind1=" " ind2=" " tag="066"><subfield code="c">(3</subfield></datafield><datafield ind1=" " ind2=" " tag="090"><subfield code="a">PJ7698.A5</subfield><subfield code="b">Z7</subfield></datafield><datafield ind1="1" ind2=" " tag="100"><subfield code="6">880-01</subfield><subfield code="a">Qu&#7693;&#257;&#699;&#299;, Mu&#7717;ammad ibn Sal&#257;mah,</subfield><subfield code="d">d. 1062</subfield></datafield><datafield ind1="1" ind2="0" tag="245"><subfield code="6">880-02</subfield><subfield code="a">Dust&#363;r ma&#699;&#257;lim al-&#7717;ikam wa-ma&#700;th&#363;r mak&#257;rim al-shiyam min kal&#257;m Am&#299;r al-M&#363;&#700;min&#299;n &#699;Al&#299; ibn Ab&#299; &#7788;&#257;lib</subfield><subfield code="h">[electronic resource] /</subfield><subfield code="c">ta&#700;l&#299;f Ab&#299; &#699;Abd All&#257;h Mu&#7717;ammad ibn Sal&#257;mah al-Qu&#7693;&#257;&#700;&#299;.</subfield></datafield><datafield ind1=" " ind2=" " tag="260"><subfield code="6">880-03</subfield><subfield code="a">al-Q&#257;hirah :</subfield><subfield code="b">al-Maktabah al-Azhar&#299;yah,</subfield><subfield code="c">1913.</subfield></datafield><datafield ind1=" " ind2=" " tag="300"><subfield code="a">online resource (208 p.)</subfield></datafield><datafield ind1=" " ind2=" " tag="500"><subfield code="a">Vocalized text.</subfield></datafield><datafield ind1=" " ind2=" " tag="500"><subfield code="a">Part of the Arabic Collections Online (ACO) project, contributed by New York Univeristy Libraries.</subfield></datafield><datafield ind1=" " ind2=" " tag="533"><subfield code="a">Electronic reproduction.</subfield><subfield code="b">New York, N.Y. :</subfield><subfield code="c">New York University,</subfield><subfield code="d">2014.</subfield><subfield code="5">NNU</subfield></datafield><datafield ind1="0" ind2="0" tag="600"><subfield code="6">880-04</subfield><subfield code="a">&#699;Al&#299; ibn Ab&#299; &#7788;&#257;lib,</subfield><subfield code="c">Caliph,</subfield><subfield code="d">600 (ca.)-661</subfield><subfield code="v">Quotations.</subfield></datafield><datafield ind1="2" ind2=" " tag="710"><subfield code="a">New York University.</subfield><subfield code="b">Libraries.</subfield></datafield><datafield ind1="0" ind2=" " tag="730"><subfield code="a">Arabic Collections Online.</subfield></datafield><datafield ind1="0" ind2="8" tag="776"><subfield code="i">Print version:</subfield><subfield code="a">Qu&#7693;&#257;&#699;&#299;, Mu&#7717;ammad ibn Sal&#257;mah, d. 1062 880-01</subfield><subfield code="t">Dust&#363;r ma&#699;&#257;lim al-&#7717;ikam wa-ma&#700;th&#363;r mak&#257;rim al-shiyam min kal&#257;m Am&#299;r al-M&#363;&#700;min&#299;n &#699;Al&#299; ibn Ab&#299; &#7788;&#257;lib</subfield><subfield code="w">(NNU)001685773</subfield></datafield><datafield ind1="4" ind2="0" tag="856"><subfield code="u">http://hdl.handle.net/2333.1/4b8gtkkb</subfield></datafield><datafield ind1="1" ind2=" " tag="880"><subfield code="6">100-01/</subfield><subfield code="a">&#1602;&#1590;&#1575;&#1593;&#1610;&#1548; &#1605;&#1581;&#1605;&#1583; &#1576;&#1606; &#1587;&#1604;&#1575;&#1605;&#1577;.</subfield></datafield><datafield ind1="1" ind2="0" tag="880"><subfield code="6">245-02/</subfield><subfield code="a">&#1583;&#1587;&#1578;&#1608;&#1585; &#1605;&#1593;&#1575;&#1604;&#1605; &#1575;&#1604;&#1581;&#1603;&#1605; &#1608;&#1605;&#1571;&#1579;&#1608;&#1585; &#1605;&#1603;&#1575;&#1585;&#1605; &#1575;&#1604;&#1588;&#1610;&#1605; &#1605;&#1606; &#1603;&#1604;&#1575;&#1605; &#1571;&#1605;&#1610;&#1585; &#1575;&#1604;&#1605;&#1572;&#1605;&#1606;&#1610;&#1606; &#1593;&#1604;&#1610; &#1576;&#1606; &#1571;&#1576;&#1610; &#1591;&#1575;&#1604;&#1576; /</subfield><subfield code="c">&#1578;&#1571;&#1604;&#1610;&#1601; &#1571;&#1576;&#1610; &#1593;&#1576;&#1583; &#1575;&#1604;&#1604;&#1607; &#1605;&#1581;&#1605;&#1583; &#1576;&#1606; &#1587;&#1604;&#1575;&#1605;&#1577; &#1575;&#1604;&#1602;&#1590;&#1575;&#1593;&#1610;.</subfield></datafield><datafield ind1=" " ind2=" " tag="880"><subfield code="6">260-03/</subfield><subfield code="a">&#1575;&#1604;&#1602;&#1575;&#1607;&#1585;&#1577; :</subfield><subfield code="b">&#1575;&#1604;&#1605;&#1603;&#1578;&#1576;&#1577; &#1575;&#1604;&#1571;&#1586;&#1607;&#1585;&#1610;&#1577;&#1548;</subfield><subfield code="c">1913.</subfield></datafield><datafield ind1="0" ind2="0" tag="880"><subfield code="6">600-04/</subfield><subfield code="a">&#1593;&#1604;&#1610; &#1576;&#1606; &#1571;&#1576;&#1610; &#1591;&#1575;&#1604;&#1576;.</subfield></datafield><datafield ind1=" " ind2=" " tag="959"><subfield code="a">NNU</subfield><subfield code="b">WEB</subfield><subfield code="c">GENI</subfield><subfield code="t">0</subfield><subfield code="m">Electronic access</subfield><subfield code="s">01</subfield></datafield></record>